"Fecha,""Codigo"",""Concepto"",""Tipo"",""Documento"",""Oficina"",""Monto"",""Saldo"""
"31/05/2019,""001045"",""46062228-CAPREMCI-CB-"",""C"",""0035542179"",""SERVICIOS CENTRALE(S)"",""57.19"",""85,142.91"""
"31/05/2019,""001045"",""46062200-CAPREMCI-CB-"",""C"",""0035542072"",""SERVICIOS CENTRALE(S)"",""776.00"",""85,085.72"""
"31/05/2019,""001045"",""46062181-CAPREMCI-CB-"",""C"",""0035541889"",""SERVICIOS CENTRALE(S)"",""705.41"",""84,309.72"""
"31/05/2019,""001045"",""46062156-CAPREMCI-CB-"",""C"",""0035541774"",""SERVICIOS CENTRALE(S)"",""2,595.31"",""83,604.31"""
"31/05/2019,""001045"",""46062141-CAPREMCI-CB-"",""C"",""0035541683"",""SERVICIOS CENTRALE(S)"",""4,427.43"",""81,009.00"""
"31/05/2019,""001045"",""45879810-CAPREMCI-CB-"",""C"",""0035524020"",""SERVICIOS CENTRALE(S)"",""458.58"",""76,581.57"""
"31/05/2019,""001055"",""46063372-CAPREMCI-PT-cesantias 29052"",""D"",""0007146654"",""AG. NORTE"",""6,023.70"",""76,122.99"""
"31/05/2019,""001055"",""46063249-CAPREMCI-PT-cafetera of qui"",""D"",""0007146412"",""AG. NORTE"",""104.53"",""82,146.69"""
"31/05/2019,""001055"",""46043645-COSTO IVA  CASH-PT-179170037600"",""D"",""0000692150"",""SERVICIOS CENTRALE(S)"",""0.13"",""82,251.22"""
"31/05/2019,""001055"",""46043645-COSTO OPER CASH-PT-179170037600"",""D"",""0000692123"",""SERVICIOS CENTRALE(S)"",""1.07"",""82,251.35"""
"31/05/2019,""001055"",""46041983-COSTO IVA  CASH-PT-179170037600"",""D"",""0000692083"",""SERVICIOS CENTRALE(S)"",""0.04"",""82,252.42"""
"31/05/2019,""001055"",""46041983-COSTO OPER CASH-PT-179170037600"",""D"",""0000692064"",""SERVICIOS CENTRALE(S)"",""0.36"",""82,252.46"""
"31/05/2019,""001055"",""46035032-COSTO IVA  CASH-PT-179170037600"",""D"",""0000692046"",""SERVICIOS CENTRALE(S)"",""0.04"",""82,252.82"""
"31/05/2019,""001055"",""46035032-COSTO OPER CASH-PT-179170037600"",""D"",""0000692037"",""SERVICIOS CENTRALE(S)"",""0.36"",""82,252.86"""
"31/05/2019,""001055"",""45879810-COSTO IVA  CASH-CB-179170037600"",""D"",""0000692005"",""SERVICIOS CENTRALE(S)"",""0.05"",""82,253.22"""
"31/05/2019,""001055"",""45879810-COSTO OPER CASH-CB-179170037600"",""D"",""0000691955"",""SERVICIOS CENTRALE(S)"",""0.45"",""82,253.27"""
"31/05/2019,""001055"",""45879810-COSTO IVA  CASH-CB-179170037600"",""D"",""0000691851"",""SERVICIOS CENTRALE(S)"",""4.18"",""82,253.72"""
"31/05/2019,""001055"",""45879810-COSTO OPER CASH-CB-179170037600"",""D"",""0000691811"",""SERVICIOS CENTRALE(S)"",""34.82"",""82,257.90"""
"30/05/2019,""001045"",""45879810-CAPREMCI-CB-"",""C"",""0031105746"",""SERVICIOS CENTRALE(S)"",""0.50"",""82,292.72"""
"30/05/2019,""001055"",""46043645-CAPREMCI-PT-creditos gye 30"",""D"",""0011577059"",""AG. NORTE"",""7,152.17"",""82,292.22"""
"30/05/2019,""001055"",""46041983-CAPREMCI-PT-fxliquidar disp"",""D"",""0011576747"",""AG. NORTE"",""170.00"",""89,444.39"""
"30/05/2019,""001055"",""46035032-CAPREMCI-PT-creditos 290520"",""D"",""0002879875"",""AG. NORTE"",""6,975.50"",""89,614.39"""
"30/05/2019,""001055"",""46010805-COSTO IVA  CASH-PT-179170037600"",""D"",""0000866971"",""SERVICIOS CENTRALE(S)"",""0.04"",""96,589.89"""
"30/05/2019,""001055"",""46010805-COSTO OPER CASH-PT-179170037600"",""D"",""0000866960"",""SERVICIOS CENTRALE(S)"",""0.36"",""96,589.93"""
"30/05/2019,""001055"",""46010796-COSTO IVA  CASH-PT-179170037600"",""D"",""0000866944"",""SERVICIOS CENTRALE(S)"",""0.17"",""96,590.29"""
"30/05/2019,""001055"",""46010796-COSTO OPER CASH-PT-179170037600"",""D"",""0000866935"",""SERVICIOS CENTRALE(S)"",""1.43"",""96,590.46"""
"30/05/2019,""001055"",""45879810-COSTO IVA  CASH-CB-179170037600"",""D"",""0000866919"",""SERVICIOS CENTRALE(S)"",""0.16"",""96,591.89"""
"30/05/2019,""001055"",""45879810-COSTO OPER CASH-CB-179170037600"",""D"",""0000866905"",""SERVICIOS CENTRALE(S)"",""1.34"",""96,592.05"""
"30/05/2019,""001055"",""45879810-COSTO IVA  CASH-CB-179170037600"",""D"",""0000866891"",""SERVICIOS CENTRALE(S)"",""4.07"",""96,593.39"""
"30/05/2019,""001055"",""45879810-COSTO OPER CASH-CB-179170037600"",""D"",""0000866855"",""SERVICIOS CENTRALE(S)"",""33.93"",""96,597.46"""
"29/05/2019,""001045"",""45879810-CAPREMCI-CB-"",""C"",""0027388667"",""SERVICIOS CENTRALE(S)"",""199.54"",""96,631.39"""
"29/05/2019,""001055"",""46010805-CAPREMCI-PT-desafiliacion 2"",""D"",""0003298526"",""AG. NORTE"",""1,980.44"",""96,431.85"""
"29/05/2019,""001055"",""46010796-CAPREMCI-PT-creditos gye 28"",""D"",""0003297919"",""AG. NORTE"",""13,502.69"",""98,412.29"""
"29/05/2019,""001055"",""45985941-COSTO IVA  CASH-PT-179170037600"",""D"",""0000793326"",""SERVICIOS CENTRALE(S)"",""0.30"",""111,914.98"""
"29/05/2019,""001055"",""45985941-COSTO OPER CASH-PT-179170037600"",""D"",""0000793309"",""SERVICIOS CENTRALE(S)"",""2.50"",""111,915.28"""
"29/05/2019,""001055"",""45879810-COSTO IVA  CASH-CB-179170037600"",""D"",""0000793301"",""SERVICIOS CENTRALE(S)"",""4.23"",""111,917.78"""
"29/05/2019,""001055"",""45879810-COSTO OPER CASH-CB-179170037600"",""D"",""0000793282"",""SERVICIOS CENTRALE(S)"",""35.27"",""111,922.01"""
"28/05/2019,""001055"",""45985941-CAPREMCI-PT-creditos 270520"",""D"",""0007377154"",""AG. NORTE"",""30,778.85"",""111,957.28"""
"28/05/2019,""001055"",""45965203-COSTO IVA  CASH-PT-179170037600"",""D"",""0000592888"",""SERVICIOS CENTRALE(S)"",""0.04"",""142,736.13"""
"28/05/2019,""001055"",""45965203-COSTO OPER CASH-PT-179170037600"",""D"",""0000592864"",""SERVICIOS CENTRALE(S)"",""0.36"",""142,736.17"""
"28/05/2019,""001055"",""45965072-COSTO IVA  CASH-PT-179170037600"",""D"",""0000592837"",""SERVICIOS CENTRALE(S)"",""0.04"",""142,736.53"""
"28/05/2019,""001055"",""45965072-COSTO OPER CASH-PT-179170037600"",""D"",""0000592828"",""SERVICIOS CENTRALE(S)"",""0.36"",""142,736.57"""
"28/05/2019,""001055"",""45964972-COSTO IVA  CASH-PT-179170037600"",""D"",""0000592809"",""SERVICIOS CENTRALE(S)"",""0.09"",""142,736.93"""
"28/05/2019,""001055"",""45964972-COSTO OPER CASH-PT-179170037600"",""D"",""0000592792"",""SERVICIOS CENTRALE(S)"",""0.71"",""142,737.02"""
"28/05/2019,""001055"",""45959554-COSTO IVA  CASH-PT-179170037600"",""D"",""0000592778"",""SERVICIOS CENTRALE(S)"",""0.04"",""142,737.73"""
"28/05/2019,""001055"",""45959554-COSTO OPER CASH-PT-179170037600"",""D"",""0000592767"",""SERVICIOS CENTRALE(S)"",""0.36"",""142,737.77"""
"28/05/2019,""001055"",""45959521-COSTO IVA  CASH-PT-179170037600"",""D"",""0000592736"",""SERVICIOS CENTRALE(S)"",""0.26"",""142,738.13"""
"28/05/2019,""001055"",""45959521-COSTO OPER CASH-PT-179170037600"",""D"",""0000592723"",""SERVICIOS CENTRALE(S)"",""2.14"",""142,738.39"""
"28/05/2019,""001055"",""45959515-COSTO IVA  CASH-PT-179170037600"",""D"",""0000592648"",""SERVICIOS CENTRALE(S)"",""0.04"",""142,740.53"""
"28/05/2019,""001055"",""45959515-COSTO OPER CASH-PT-179170037600"",""D"",""0000592603"",""SERVICIOS CENTRALE(S)"",""0.36"",""142,740.57"""
"28/05/2019,""001055"",""45879810-COSTO IVA  CASH-CB-179170037600"",""D"",""0000592583"",""SERVICIOS CENTRALE(S)"",""0.11"",""142,740.93"""
"28/05/2019,""001055"",""45879810-COSTO OPER CASH-CB-179170037600"",""D"",""0000592573"",""SERVICIOS CENTRALE(S)"",""0.89"",""142,741.04"""
"28/05/2019,""001055"",""45879810-COSTO IVA  CASH-CB-179170037600"",""D"",""0000592563"",""SERVICIOS CENTRALE(S)"",""4.13"",""142,741.93"""
"28/05/2019,""001055"",""45879810-COSTO OPER CASH-CB-179170037600"",""D"",""0000592543"",""SERVICIOS CENTRALE(S)"",""34.37"",""142,746.06"""
"27/05/2019,""001045"",""45879810-CAPREMCI-CB-"",""C"",""0065177034"",""SERVICIOS CENTRALE(S)"",""0.70"",""142,780.43"""
"27/05/2019,""001055"",""45967062-CONECEL        -DP-1.16635599"",""D"",""0051136361"",""CENTRO SERVIC. OPERAT. SS. QTO"",""56.95"",""142,779.73"""
"27/05/2019,""001050"",""COSTO IVA CASH"",""D"",""0051136361"",""CENTRO SERVIC. OPERAT. SS. QTO"",""0.05"",""142,836.68"""
"27/05/2019,""001066"",""COSTO OPER CASH"",""D"",""0051136361"",""CENTRO SERVIC. OPERAT. SS. QTO"",""0.45"",""142,836.73"""
"27/05/2019,""001055"",""45964972-CAPREMCI-PT-rendimientos 22"",""D"",""0046410515"",""AG. NORTE"",""965.59"",""142,837.18"""
"27/05/2019,""001055"",""45965203-CAPREMCI-PT-CESANTIAS 22052"",""D"",""0046400461"",""AG. NORTE"",""19,472.36"",""143,802.77"""
"27/05/2019,""001055"",""45965072-CAPREMCI-PT-aporte patronal"",""D"",""0046399164"",""AG. NORTE"",""11,473.05"",""163,275.13"""
"27/05/2019,""001055"",""45959554-CAPREMCI-PT-suscripcion anu"",""D"",""0037193318"",""AG. NORTE"",""355.60"",""174,748.18"""
"27/05/2019,""001055"",""45959521-CAPREMCI-PT-creditos 220520"",""D"",""0037192774"",""AG. NORTE"",""9,752.15"",""175,103.78"""
"27/05/2019,""001055"",""45959515-CAPREMCI-PT-creditos gye 23"",""D"",""0037191941"",""AG. NORTE"",""3,124.19"",""184,855.93"""
"27/05/2019,""001055"",""45878173-COSTO IVA  CASH-PT-179170037600"",""D"",""0000221442"",""SERVICIOS CENTRALE(S)"",""0.04"",""187,980.12"""
"27/05/2019,""001055"",""45878173-COSTO OPER CASH-PT-179170037600"",""D"",""0000221413"",""SERVICIOS CENTRALE(S)"",""0.36"",""187,980.16"""
"27/05/2019,""001055"",""45878180-COSTO IVA  CASH-PT-179170037600"",""D"",""0000221375"",""SERVICIOS CENTRALE(S)"",""0.09"",""187,980.52"""
"27/05/2019,""001055"",""45878180-COSTO OPER CASH-PT-179170037600"",""D"",""0000221339"",""SERVICIOS CENTRALE(S)"",""0.71"",""187,980.61"""
"27/05/2019,""001055"",""45879810-COSTO IVA  CASH-CB-179170037600"",""D"",""0000221294"",""SERVICIOS CENTRALE(S)"",""3.75"",""187,981.32"""
"27/05/2019,""001055"",""45879810-COSTO OPER CASH-CB-179170037600"",""D"",""0000221262"",""SERVICIOS CENTRALE(S)"",""31.25"",""187,985.07"""
"27/05/2019,""001055"",""45879810-COSTO IVA  CASH-CB-179170037600"",""D"",""0000221221"",""SERVICIOS CENTRALE(S)"",""0.86"",""188,016.32"""
"27/05/2019,""001055"",""45879810-COSTO OPER CASH-CB-179170037600"",""D"",""0000221183"",""SERVICIOS CENTRALE(S)"",""7.14"",""188,017.18"""
"27/05/2019,""001055"",""45925560-COSTO IVA  CASH-PT-179170037600"",""D"",""0000138796"",""SERVICIOS CENTRALE(S)"",""0.09"",""188,024.32"""
"27/05/2019,""001055"",""45925560-COSTO OPER CASH-PT-179170037600"",""D"",""0000138792"",""SERVICIOS CENTRALE(S)"",""0.71"",""188,024.41"""
"27/05/2019,""001055"",""45879810-COSTO IVA  CASH-CB-179170037600"",""D"",""0000138780"",""SERVICIOS CENTRALE(S)"",""0.16"",""188,025.12"""
"27/05/2019,""001055"",""45879810-COSTO OPER CASH-CB-179170037600"",""D"",""0000138773"",""SERVICIOS CENTRALE(S)"",""1.34"",""188,025.28"""
"27/05/2019,""001055"",""45879810-COSTO IVA  CASH-CB-179170037600"",""D"",""0000138766"",""SERVICIOS CENTRALE(S)"",""4.13"",""188,026.62"""
"27/05/2019,""001055"",""45879810-COSTO OPER CASH-CB-179170037600"",""D"",""0000138761"",""SERVICIOS CENTRALE(S)"",""34.37"",""188,030.75"""
"23/05/2019,""001045"",""45879810-CAPREMCI-CB-"",""C"",""0016744977"",""SERVICIOS CENTRALE(S)"",""952.31"",""188,065.12"""
"23/05/2019,""001055"",""45925560-CAPREMCI-PT-creditos gye 21"",""D"",""0001815450"",""AG. NORTE"",""5,988.57"",""187,112.81"""
"22/05/2019,""001045"",""45879810-CAPREMCI-CB-"",""C"",""0016502224"",""SERVICIOS CENTRALE(S)"",""909.70"",""193,101.38"""
"22/05/2019,""001055"",""45878173-CAPREMCI-PT-creditos 200520"",""D"",""0001715735"",""AG. NORTE"",""1,303.45"",""192,191.68"""
"22/05/2019,""001055"",""45878180-CAPREMCI-PT-devolucion inde"",""D"",""0001714874"",""AG. NORTE"",""291.99"",""193,495.13"""
"20/05/2019,""001055"",""45802125-COSTO IVA  CASH-PT-179170037600"",""D"",""0000100374"",""SERVICIOS CENTRALE(S)"",""0.04"",""193,787.12"""
"20/05/2019,""001055"",""45802125-COSTO OPER CASH-PT-179170037600"",""D"",""0000100370"",""SERVICIOS CENTRALE(S)"",""0.36"",""193,787.16"""
"20/05/2019,""001055"",""45810713-COSTO IVA  CASH-PT-179170037600"",""D"",""0000100363"",""SERVICIOS CENTRALE(S)"",""0.21"",""193,787.52"""
"20/05/2019,""001055"",""45810713-COSTO OPER CASH-PT-179170037600"",""D"",""0000100352"",""SERVICIOS CENTRALE(S)"",""1.79"",""193,787.73"""
"20/05/2019,""001055"",""45801983-COSTO IVA  CASH-PT-179170037600"",""D"",""0000100344"",""SERVICIOS CENTRALE(S)"",""0.04"",""193,789.52"""
"20/05/2019,""001055"",""45801983-COSTO OPER CASH-PT-179170037600"",""D"",""0000100341"",""SERVICIOS CENTRALE(S)"",""0.36"",""193,789.56"""
"17/05/2019,""001055"",""45810713-CAPREMCI-PT-creditos 170520"",""D"",""0013280052"",""AG. NORTE"",""9,803.31"",""193,789.92"""
"17/05/2019,""001055"",""45801983-CAPREMCI-PT-rendimientos 16"",""D"",""0009685438"",""AG. NORTE"",""176.56"",""203,593.23"""
"17/05/2019,""001055"",""45802125-CAPREMCI-PT-cesantias 16052"",""D"",""0009680035"",""AG. NORTE"",""780.38"",""203,769.79"""
"17/05/2019,""001055"",""45768594-COSTO IVA  CASH-PT-179170037600"",""D"",""0000403882"",""SERVICIOS CENTRALE(S)"",""0.13"",""204,550.17"""
"17/05/2019,""001055"",""45768594-COSTO OPER CASH-PT-179170037600"",""D"",""0000403877"",""SERVICIOS CENTRALE(S)"",""1.07"",""204,550.30"""
"17/05/2019,""001055"",""45761258-COSTO IVA  CASH-PT-179170037600"",""D"",""0000403868"",""SERVICIOS CENTRALE(S)"",""0.26"",""204,551.37"""
"17/05/2019,""001055"",""45761258-COSTO OPER CASH-PT-179170037600"",""D"",""0000403858"",""SERVICIOS CENTRALE(S)"",""2.14"",""204,551.63"""
"16/05/2019,""004255"",""PAGO MEER TRF   00000000200004421489"",""D"",""0013392749"",""AG. NORTE"",""337.87"",""204,553.77"""
"16/05/2019,""001794"",""IVA MEER TRF"",""D"",""0013392749"",""AG. NORTE"",""0.04"",""204,891.64"""
"16/05/2019,""001791"",""COM MEER TRF"",""D"",""0013392749"",""AG. NORTE"",""0.31"",""204,891.68"""
"16/05/2019,""001055"",""45768594-CAPREMCI-PT-rendimientos 14"",""D"",""0011052415"",""AG. NORTE"",""2,745.04"",""204,891.99"""
"16/05/2019,""001055"",""45761258-CAPREMCI-PT-creditos 150520"",""D"",""0011051073"",""AG. NORTE"",""13,669.46"",""207,637.03"""
"16/05/2019,""001055"",""45749603-COSTO OPER CASH-0Y-3343660504"",""D"",""0002718226"",""AGENCIA PARA PROCESOS BATCH"",""0.27"",""221,306.49"""
"16/05/2019,""001050"",""IVA COBRADO"",""D"",""0002718226"",""AGENCIA PARA PROCESOS BATCH"",""0.03"",""221,306.76"""
"16/05/2019,""001045"",""45749603 F.C.P.C. DE EMPLE 0Y 0489959850"",""C"",""0002718197"",""AGENCIA PARA PROCESOS BATCH"",""150,000.00"",""221,306.79"""
"16/05/2019,""001055"",""45736128-COSTO IVA  CASH-PT-179170037600"",""D"",""0000398457"",""SERVICIOS CENTRALE(S)"",""0.04"",""71,306.79"""
"16/05/2019,""001055"",""45736128-COSTO OPER CASH-PT-179170037600"",""D"",""0000398425"",""SERVICIOS CENTRALE(S)"",""0.36"",""71,306.83"""
"15/05/2019,""001055"",""45736128-CAPREMCI-PT-ANTICIPO SUELDO"",""D"",""0015112887"",""AG. NORTE"",""1,800.00"",""71,307.19"""
"15/05/2019,""001055"",""45710678-MEGADATOS ECUAN-CB-179170037600"",""D"",""0011777116"",""CENTRO SERVIC. OPERAT. SS. QTO"",""108.64"",""73,107.19"""
"15/05/2019,""001055"",""45695751-COSTO IVA  CASH-PT-179170037600"",""D"",""0000458839"",""SERVICIOS CENTRALE(S)"",""0.09"",""73,215.83"""
"15/05/2019,""001055"",""45695751-COSTO OPER CASH-PT-179170037600"",""D"",""0000458833"",""SERVICIOS CENTRALE(S)"",""0.71"",""73,215.92"""
"15/05/2019,""001055"",""45695136-COSTO IVA  CASH-PT-179170037600"",""D"",""0000458826"",""SERVICIOS CENTRALE(S)"",""0.04"",""73,216.63"""
"15/05/2019,""001055"",""45695136-COSTO OPER CASH-PT-179170037600"",""D"",""0000458821"",""SERVICIOS CENTRALE(S)"",""0.36"",""73,216.67"""
"14/05/2019,""001055"",""45695751-CAPREMCI-PT-CREDITOS GYE 14"",""D"",""0015207927"",""AG. NORTE"",""10,105.18"",""73,217.03"""
"14/05/2019,""001055"",""45695136-CAPREMCI-PT-seminario lider"",""D"",""0015207810"",""AG. NORTE"",""501.90"",""83,322.21"""
"14/05/2019,""001055"",""45663112-COSTO IVA  CASH-PT-179170037600"",""D"",""0001098586"",""SERVICIOS CENTRALE(S)"",""0.04"",""83,824.11"""
"14/05/2019,""001055"",""45663112-COSTO OPER CASH-PT-179170037600"",""D"",""0001098547"",""SERVICIOS CENTRALE(S)"",""0.36"",""83,824.15"""
"14/05/2019,""001055"",""45663058-COSTO IVA  CASH-PT-179170037600"",""D"",""0001098494"",""SERVICIOS CENTRALE(S)"",""0.13"",""83,824.51"""
"14/05/2019,""001055"",""45663058-COSTO OPER CASH-PT-179170037600"",""D"",""0001098451"",""SERVICIOS CENTRALE(S)"",""1.07"",""83,824.64"""
"14/05/2019,""001055"",""45663052-COSTO IVA  CASH-PT-179170037600"",""D"",""0001098425"",""SERVICIOS CENTRALE(S)"",""0.17"",""83,825.71"""
"14/05/2019,""001055"",""45663052-COSTO OPER CASH-PT-179170037600"",""D"",""0001098398"",""SERVICIOS CENTRALE(S)"",""1.43"",""83,825.88"""
"14/05/2019,""001055"",""45663023-COSTO IVA  CASH-PT-179170037600"",""D"",""0001098341"",""SERVICIOS CENTRALE(S)"",""0.04"",""83,827.31"""
"14/05/2019,""001055"",""45663023-COSTO OPER CASH-PT-179170037600"",""D"",""0001098303"",""SERVICIOS CENTRALE(S)"",""0.36"",""83,827.35"""
"13/05/2019,""001055"",""45663112-CAPREMCI-PT-fondo sumin caf"",""D"",""0026081577"",""AG. NORTE"",""100.00"",""83,827.71"""
"13/05/2019,""001055"",""45663058-CAPREMCI-PT-cesantias 07052"",""D"",""0026081370"",""AG. NORTE"",""71,868.28"",""83,927.71"""
"13/05/2019,""001055"",""45663052-CAPREMCI-PT-creditos gye 10"",""D"",""0026080332"",""AG. NORTE"",""6,109.28"",""155,795.99"""
"13/05/2019,""001055"",""45663023-CAPREMCI-PT-creditos gye 08"",""D"",""0026080152"",""AG. NORTE"",""2,057.58"",""161,905.27"""
"13/05/2019,""001055"",""45647688-CONECEL        -DP-1.17813912"",""D"",""0021649430"",""CENTRO SERVIC. OPERAT. SS. QTO"",""46.76"",""163,962.85"""
"13/05/2019,""001050"",""COSTO IVA CASH"",""D"",""0021649430"",""CENTRO SERVIC. OPERAT. SS. QTO"",""0.05"",""164,009.61"""
"13/05/2019,""001066"",""COSTO OPER CASH"",""D"",""0021649430"",""CENTRO SERVIC. OPERAT. SS. QTO"",""0.45"",""164,009.66"""
"13/05/2019,""001055"",""IVA CAUSADO SERVICIO"",""D"",""0020378286"",""CENTRO SERVIC. OPERAT. SS. QTO"",""0.28"",""164,010.11"""
"13/05/2019,""001055"",""CONFIRMACION BANCARIA"",""D"",""0020378183"",""CENTRO SERVIC. OPERAT. SS. QTO"",""2.37"",""164,010.39"""
"13/05/2019,""004255"",""PAGO MEER TRF   00000000200005099425"",""D"",""0005643415"",""AG. NORTE"",""12.32"",""164,012.76"""
"13/05/2019,""001794"",""IVA MEER TRF"",""D"",""0005643415"",""AG. NORTE"",""0.04"",""164,025.08"""
"13/05/2019,""001791"",""COM MEER TRF"",""D"",""0005643415"",""AG. NORTE"",""0.31"",""164,025.12"""
"10/05/2019,""001055"",""45618367-REG RECLAMO    -T6-RVIVA"",""D"",""0015600953"",""SERVICIOS CENTRALE(S)"",""3.43"",""164,025.43"""
"10/05/2019,""001055"",""45618367-REG RECLAMO    -T6-RVIVA"",""D"",""0015584269"",""SERVICIOS CENTRALE(S)"",""4.23"",""164,028.86"""
"10/05/2019,""001055"",""45618367-REG RECLAMO    -T6-RVIVA"",""D"",""0015546865"",""SERVICIOS CENTRALE(S)"",""1.02"",""164,033.09"""
"10/05/2019,""001055"",""45618367-REG RECLAMO    -T6-RVIVA"",""D"",""0015539710"",""SERVICIOS CENTRALE(S)"",""0.70"",""164,034.11"""
"10/05/2019,""001055"",""45618367-REG RECLAMO    -T6-RVIVA"",""D"",""0015537717"",""SERVICIOS CENTRALE(S)"",""0.64"",""164,034.81"""
"10/05/2019,""001055"",""45618367-REG RECLAMO    -T6-RVIVA"",""D"",""0015530815"",""SERVICIOS CENTRALE(S)"",""0.54"",""164,035.45"""
"10/05/2019,""001055"",""45618367-REG RECLAMO    -T6-RVIVA"",""D"",""0015505162"",""SERVICIOS CENTRALE(S)"",""0.27"",""164,035.99"""
"10/05/2019,""001055"",""45618367-REG RECLAMO    -T6-RVIVA"",""D"",""0014807280"",""SERVICIOS CENTRALE(S)"",""0.04"",""164,036.26"""
"10/05/2019,""001055"",""45618367-REG RECLAMO    -T6-RVIVA"",""D"",""0014807123"",""SERVICIOS CENTRALE(S)"",""0.04"",""164,036.30"""
"09/05/2019,""001010"",""DEPOSITO"",""C"",""0011592824"",""6 DE DICIEMBRE"",""1.11"",""164,036.34"""
"08/05/2019,""001055"",""45506762-COSTO IVA  CASH-PT-179170037600"",""D"",""0000081458"",""SERVICIOS CENTRALE(S)"",""0.04"",""164,035.23"""
"08/05/2019,""001055"",""45506762-COSTO OPER CASH-PT-179170037600"",""D"",""0000081452"",""SERVICIOS CENTRALE(S)"",""0.36"",""164,035.27"""
"08/05/2019,""001055"",""45506728-COSTO IVA  CASH-PT-179170037600"",""D"",""0000081446"",""SERVICIOS CENTRALE(S)"",""0.34"",""164,035.63"""
"08/05/2019,""001055"",""45506728-COSTO OPER CASH-PT-179170037600"",""D"",""0000081439"",""SERVICIOS CENTRALE(S)"",""2.86"",""164,035.97"""
"08/05/2019,""001055"",""45504877-COSTO IVA  CASH-PT-179170037600"",""D"",""0000081424"",""SERVICIOS CENTRALE(S)"",""0.13"",""164,038.83"""
"08/05/2019,""001055"",""45504877-COSTO OPER CASH-PT-179170037600"",""D"",""0000081415"",""SERVICIOS CENTRALE(S)"",""1.07"",""164,038.96"""
"07/05/2019,""001055"",""45506762-CAPREMCI-PT-rendimientos 06"",""D"",""0018041178"",""AG. NORTE"",""934.30"",""164,040.03"""
"07/05/2019,""001055"",""45506728-CAPREMCI-PT-rendimientos 02"",""D"",""0018041031"",""AG. NORTE"",""2,877.59"",""164,974.33"""
"07/05/2019,""001055"",""45504877-CAPREMCI-PT-VIATICOS SUBSIS"",""D"",""0018040941"",""AG. NORTE"",""738.75"",""167,851.92"""
"07/05/2019,""001055"",""45431937-COSTO IVA  CASH-PT-179170037600"",""D"",""0000233482"",""SERVICIOS CENTRALE(S)"",""0.04"",""168,590.67"""
"07/05/2019,""001055"",""45431937-COSTO OPER CASH-PT-179170037600"",""D"",""0000233477"",""SERVICIOS CENTRALE(S)"",""0.36"",""168,590.71"""
"07/05/2019,""001055"",""45454862-COSTO IVA  CASH-PT-179170037600"",""D"",""0000233473"",""SERVICIOS CENTRALE(S)"",""0.04"",""168,591.07"""
"07/05/2019,""001055"",""45454862-COSTO OPER CASH-PT-179170037600"",""D"",""0000233469"",""SERVICIOS CENTRALE(S)"",""0.36"",""168,591.11"""
"07/05/2019,""001055"",""45432088-COSTO IVA  CASH-PT-179170037600"",""D"",""0000233459"",""SERVICIOS CENTRALE(S)"",""0.04"",""168,591.47"""
"07/05/2019,""001055"",""45432088-COSTO OPER CASH-PT-179170037600"",""D"",""0000233449"",""SERVICIOS CENTRALE(S)"",""0.36"",""168,591.51"""
"07/05/2019,""001055"",""45268576-COSTO IVA  CASH-CB-179170037600"",""D"",""0000233426"",""SERVICIOS CENTRALE(S)"",""0.05"",""168,591.87"""
"07/05/2019,""001055"",""45268576-COSTO OPER CASH-CB-179170037600"",""D"",""0000233406"",""SERVICIOS CENTRALE(S)"",""0.45"",""168,591.92"""
"07/05/2019,""001055"",""45268576-COSTO IVA  CASH-CB-179170037600"",""D"",""0000233386"",""SERVICIOS CENTRALE(S)"",""5.84"",""168,592.37"""
"07/05/2019,""001055"",""45268576-COSTO OPER CASH-CB-179170037600"",""D"",""0000233370"",""SERVICIOS CENTRALE(S)"",""48.66"",""168,598.21"""
"07/05/2019,""001055"",""45226407-COSTO IVA  CASH-CB-179170037600"",""D"",""0000233355"",""SERVICIOS CENTRALE(S)"",""0.05"",""168,646.87"""
"07/05/2019,""001055"",""45226407-COSTO OPER CASH-CB-179170037600"",""D"",""0000233343"",""SERVICIOS CENTRALE(S)"",""0.45"",""168,646.92"""
"07/05/2019,""001055"",""45226289-COSTO IVA  CASH-CB-179170037600"",""D"",""0000233327"",""SERVICIOS CENTRALE(S)"",""0.05"",""168,647.37"""
"07/05/2019,""001055"",""45226289-COSTO OPER CASH-CB-179170037600"",""D"",""0000233314"",""SERVICIOS CENTRALE(S)"",""0.45"",""168,647.42"""
"07/05/2019,""001055"",""45226289-COSTO IVA  CASH-CB-179170037600"",""D"",""0000233298"",""SERVICIOS CENTRALE(S)"",""0.54"",""168,647.87"""
"07/05/2019,""001055"",""45226289-COSTO OPER CASH-CB-179170037600"",""D"",""0000233285"",""SERVICIOS CENTRALE(S)"",""4.46"",""168,648.41"""
"07/05/2019,""001055"",""45226233-COSTO IVA  CASH-CB-179170037600"",""D"",""0000233271"",""SERVICIOS CENTRALE(S)"",""0.05"",""168,652.87"""
"07/05/2019,""001055"",""45226233-COSTO OPER CASH-CB-179170037600"",""D"",""0000233252"",""SERVICIOS CENTRALE(S)"",""0.45"",""168,652.92"""
"07/05/2019,""001055"",""45226233-COSTO IVA  CASH-CB-179170037600"",""D"",""0000233228"",""SERVICIOS CENTRALE(S)"",""5.73"",""168,653.37"""
"07/05/2019,""001055"",""45226233-COSTO OPER CASH-CB-179170037600"",""D"",""0000233204"",""SERVICIOS CENTRALE(S)"",""47.77"",""168,659.10"""
"06/05/2019,""001045"",""45268576-CAPREMCI-CB-"",""C"",""0044141125"",""SERVICIOS CENTRALE(S)"",""200.00"",""168,706.87"""
"06/05/2019,""001045"",""45226289-CAPREMCI-CB-"",""C"",""0044138776"",""SERVICIOS CENTRALE(S)"",""50.51"",""168,506.87"""
"06/05/2019,""001045"",""45226233-CAPREMCI-CB-"",""C"",""0044138680"",""SERVICIOS CENTRALE(S)"",""183.92"",""168,456.36"""
"06/05/2019,""001055"",""45432088-CAPREMCI-PT-honorarios ases"",""D"",""0042312167"",""AG. NORTE"",""1,995.00"",""168,272.44"""
"06/05/2019,""001055"",""45454862-CAPREMCI-PT-honorarios ries"",""D"",""0042311960"",""AG. NORTE"",""1,080.00"",""170,267.44"""
"06/05/2019,""001055"",""45431937-CAPREMCI-PT-honorarios audi"",""D"",""0042311800"",""AG. NORTE"",""1,795.00"",""171,347.44"""
"06/05/2019,""001055"",""45365224-COSTO IVA  CASH-PT-179170037600"",""D"",""0000064083"",""SERVICIOS CENTRALE(S)"",""0.04"",""173,142.44"""
"06/05/2019,""001055"",""45365224-COSTO OPER CASH-PT-179170037600"",""D"",""0000064076"",""SERVICIOS CENTRALE(S)"",""0.36"",""173,142.48"""
"06/05/2019,""001055"",""45365213-COSTO IVA  CASH-PT-179170037600"",""D"",""0000064065"",""SERVICIOS CENTRALE(S)"",""0.04"",""173,142.84"""
"06/05/2019,""001055"",""45365213-COSTO OPER CASH-PT-179170037600"",""D"",""0000064060"",""SERVICIOS CENTRALE(S)"",""0.36"",""173,142.88"""
"06/05/2019,""001055"",""45365156-COSTO IVA  CASH-PT-179170037600"",""D"",""0000064053"",""SERVICIOS CENTRALE(S)"",""0.04"",""173,143.24"""
"06/05/2019,""001055"",""45365156-COSTO OPER CASH-PT-179170037600"",""D"",""0000064049"",""SERVICIOS CENTRALE(S)"",""0.36"",""173,143.28"""
"06/05/2019,""001055"",""45365108-COSTO IVA  CASH-PT-179170037600"",""D"",""0000064044"",""SERVICIOS CENTRALE(S)"",""0.04"",""173,143.64"""
"06/05/2019,""001055"",""45365108-COSTO OPER CASH-PT-179170037600"",""D"",""0000064039"",""SERVICIOS CENTRALE(S)"",""0.36"",""173,143.68"""
"06/05/2019,""001055"",""45343873-COSTO IVA  CASH-RW-179170037600"",""D"",""0000064032"",""SERVICIOS CENTRALE(S)"",""0.30"",""173,144.04"""
"06/05/2019,""001055"",""45343873-COSTO OPER CASH-RW-179170037600"",""D"",""0000064026"",""SERVICIOS CENTRALE(S)"",""2.50"",""173,144.34"""
"06/05/2019,""001055"",""45268576-COSTO IVA  CASH-CB-179170037600"",""D"",""0000064017"",""SERVICIOS CENTRALE(S)"",""0.48"",""173,146.84"""
"06/05/2019,""001055"",""45268576-COSTO OPER CASH-CB-179170037600"",""D"",""0000064011"",""SERVICIOS CENTRALE(S)"",""4.02"",""173,147.32"""
"06/05/2019,""001055"",""45268576-COSTO IVA  CASH-CB-179170037600"",""D"",""0000063996"",""SERVICIOS CENTRALE(S)"",""5.63"",""173,151.34"""
"06/05/2019,""001055"",""45268576-COSTO OPER CASH-CB-179170037600"",""D"",""0000063991"",""SERVICIOS CENTRALE(S)"",""46.87"",""173,156.97"""
"06/05/2019,""001055"",""45226407-COSTO IVA  CASH-CB-179170037600"",""D"",""0000063979"",""SERVICIOS CENTRALE(S)"",""0.05"",""173,203.84"""
"06/05/2019,""001055"",""45226407-COSTO OPER CASH-CB-179170037600"",""D"",""0000063971"",""SERVICIOS CENTRALE(S)"",""0.45"",""173,203.89"""
"06/05/2019,""001055"",""45226289-COSTO IVA  CASH-CB-179170037600"",""D"",""0000063965"",""SERVICIOS CENTRALE(S)"",""0.59"",""173,204.34"""
"06/05/2019,""001055"",""45226289-COSTO OPER CASH-CB-179170037600"",""D"",""0000063959"",""SERVICIOS CENTRALE(S)"",""4.91"",""173,204.93"""
"06/05/2019,""001055"",""45226233-COSTO IVA  CASH-CB-179170037600"",""D"",""0000063945"",""SERVICIOS CENTRALE(S)"",""5.79"",""173,209.84"""
"06/05/2019,""001055"",""45226233-COSTO OPER CASH-CB-179170037600"",""D"",""0000063934"",""SERVICIOS CENTRALE(S)"",""48.21"",""173,215.63"""
"06/05/2019,""001055"",""44962005-COSTO IVA  CASH-CB-179170037600"",""D"",""0000063922"",""SERVICIOS CENTRALE(S)"",""0.16"",""173,263.84"""
"06/05/2019,""001055"",""44962005-COSTO OPER CASH-CB-179170037600"",""D"",""0000063911"",""SERVICIOS CENTRALE(S)"",""1.34"",""173,264.00"""
"06/05/2019,""001055"",""44962005-COSTO IVA  CASH-CB-179170037600"",""D"",""0000063711"",""SERVICIOS CENTRALE(S)"",""4.23"",""173,265.34"""
"06/05/2019,""001055"",""44962005-COSTO OPER CASH-CB-179170037600"",""D"",""0000063701"",""SERVICIOS CENTRALE(S)"",""35.27"",""173,269.57"""
"02/05/2019,""001045"",""45268576-CAPREMCI-CB-"",""C"",""0033360486"",""SERVICIOS CENTRALE(S)"",""443.97"",""173,304.84"""
"02/05/2019,""001045"",""44962005-CAPREMCI-CB-"",""C"",""0033355479"",""SERVICIOS CENTRALE(S)"",""7.58"",""172,860.87"""
"02/05/2019,""001055"",""45316257-EP METROPOLITAN-CB-C|0179170037"",""D"",""0032141259"",""CENTRO SERVIC. OPERAT. SS. QTO"",""174.82"",""172,853.29"""
"02/05/2019,""001050"",""COSTO IVA CASH"",""D"",""0032141259"",""CENTRO SERVIC. OPERAT. SS. QTO"",""0.04"",""173,028.11"""
"02/05/2019,""001066"",""COSTO OPER CASH"",""D"",""0032141259"",""CENTRO SERVIC. OPERAT. SS. QTO"",""0.31"",""173,028.15"""
"02/05/2019,""001055"",""45365224-CAPREMCI-PT-servicio limpie"",""D"",""0026423457"",""AG. NORTE"",""203.20"",""173,028.46"""
"02/05/2019,""001055"",""45365213-CAPREMCI-PT-reembolso refri"",""D"",""0026421763"",""AG. NORTE"",""84.38"",""173,231.66"""
"02/05/2019,""001055"",""45365156-CAPREMCI-PT-notaria 19 proc"",""D"",""0026421086"",""AG. NORTE"",""189.75"",""173,316.04"""
"02/05/2019,""001055"",""45365108-CAPREMCI-PT-honorarios soft"",""D"",""0026421005"",""AG. NORTE"",""985.00"",""173,505.79"""
"02/05/2019,""001055"",""45343873-CAPREMCI-RW-sueldos abril 2"",""D"",""0014066874"",""AG. NORTE"",""6,889.86"",""174,490.79"""
"02/05/2019,""001055"",""45276129-COSTO IVA  CASH-PT-179170037600"",""D"",""0006562930"",""SERVICIOS CENTRALE(S)"",""0.13"",""181,380.65"""
"02/05/2019,""001055"",""45276129-COSTO OPER CASH-PT-179170037600"",""D"",""0006562899"",""SERVICIOS CENTRALE(S)"",""1.07"",""181,380.78"""
"02/05/2019,""001055"",""45276114-COSTO IVA  CASH-PT-179170037600"",""D"",""0006562856"",""SERVICIOS CENTRALE(S)"",""0.09"",""181,381.85"""
"02/05/2019,""001055"",""45276114-COSTO OPER CASH-PT-179170037600"",""D"",""0006562829"",""SERVICIOS CENTRALE(S)"",""0.71"",""181,381.94"""
"02/05/2019,""001055"",""45276093-COSTO IVA  CASH-PT-179170037600"",""D"",""0006561990"",""SERVICIOS CENTRALE(S)"",""0.17"",""181,382.65"""
"02/05/2019,""001055"",""45276093-COSTO OPER CASH-PT-179170037600"",""D"",""0006561964"",""SERVICIOS CENTRALE(S)"",""1.43"",""181,382.82"""
"02/05/2019,""001055"",""45268576-COSTO IVA  CASH-CB-179170037600"",""D"",""0006561924"",""SERVICIOS CENTRALE(S)"",""7.82"",""181,384.25"""
"02/05/2019,""001055"",""45268576-COSTO OPER CASH-CB-179170037600"",""D"",""0006561886"",""SERVICIOS CENTRALE(S)"",""65.18"",""181,392.07"""
"02/05/2019,""001055"",""45268576-COSTO IVA  CASH-CB-179170037600"",""D"",""0006561862"",""SERVICIOS CENTRALE(S)"",""4.98"",""181,457.25"""
"02/05/2019,""001055"",""45268576-COSTO OPER CASH-CB-179170037600"",""D"",""0006561815"",""SERVICIOS CENTRALE(S)"",""41.52"",""181,462.23"""
"02/05/2019,""001055"",""45226407-COSTO IVA  CASH-CB-179170037600"",""D"",""0006561780"",""SERVICIOS CENTRALE(S)"",""0.05"",""181,503.75"""
"02/05/2019,""001055"",""45226407-COSTO OPER CASH-CB-179170037600"",""D"",""0006561724"",""SERVICIOS CENTRALE(S)"",""0.45"",""181,503.80"""
"02/05/2019,""001055"",""45226289-COSTO IVA  CASH-CB-179170037600"",""D"",""0006561679"",""SERVICIOS CENTRALE(S)"",""0.59"",""181,504.25"""
"02/05/2019,""001055"",""45226289-COSTO OPER CASH-CB-179170037600"",""D"",""0006561631"",""SERVICIOS CENTRALE(S)"",""4.91"",""181,504.84"""
"02/05/2019,""001055"",""45226289-COSTO IVA  CASH-CB-179170037600"",""D"",""0006561593"",""SERVICIOS CENTRALE(S)"",""0.59"",""181,509.75"""
"02/05/2019,""001055"",""45226289-COSTO OPER CASH-CB-179170037600"",""D"",""0006561553"",""SERVICIOS CENTRALE(S)"",""4.91"",""181,510.34"""
"02/05/2019,""001055"",""45226233-COSTO IVA  CASH-CB-179170037600"",""D"",""0006561525"",""SERVICIOS CENTRALE(S)"",""0.86"",""181,515.25"""
"02/05/2019,""001055"",""45226233-COSTO OPER CASH-CB-179170037600"",""D"",""0006561464"",""SERVICIOS CENTRALE(S)"",""7.14"",""181,516.11"""
"02/05/2019,""001055"",""45226233-COSTO IVA  CASH-CB-179170037600"",""D"",""0006561415"",""SERVICIOS CENTRALE(S)"",""5.57"",""181,523.25"""
"02/05/2019,""001055"",""45226233-COSTO OPER CASH-CB-179170037600"",""D"",""0006561365"",""SERVICIOS CENTRALE(S)"",""46.43"",""181,528.82"""
"02/05/2019,""001055"",""44962005-COSTO IVA  CASH-CB-179170037600"",""D"",""0006561321"",""SERVICIOS CENTRALE(S)"",""0.16"",""181,575.25"""
"02/05/2019,""001055"",""44962005-COSTO OPER CASH-CB-179170037600"",""D"",""0006561275"",""SERVICIOS CENTRALE(S)"",""1.34"",""181,575.41"""
"02/05/2019,""001055"",""44962005-COSTO IVA  CASH-CB-179170037600"",""D"",""0006561227"",""SERVICIOS CENTRALE(S)"",""4.23"",""181,576.75"""
"02/05/2019,""001055"",""44962005-COSTO OPER CASH-CB-179170037600"",""D"",""0006561184"",""SERVICIOS CENTRALE(S)"",""35.27"",""181,580.98"""
